% Encoding: UTF-8

@Book{Reider2012,
  title     = {Photonik: eine Einführung in die Grundlagen},
  publisher = {Springer Berlin Heidelberg},
  year      = {2012},
  author    = {Reider, Georg A.},
  address   = {Wien, Heidelberg [u.a.]},
  edition   = {3. Aufl.},
  isbn      = {978-3-7091-1520-6},
  date      = {2013-02-25},
  ean       = {9783709115206},
  keywords  = {Photonics},
  pages     = {XII, 435 Seiten},
  url       = {http://deposit.d-nb.de/cgi-bin/dokserv?id=4255192&prov=M&dok_var=1&dok_ext=htm},
}

@Book{Eichler2015,
  title         = {Laser: Bauformen, Strahlführung, Anwendungen},
  publisher     = {Springer-Verlag GmbH Berlin Heidelberg},
  year          = {2015},
  author        = {Eichler, Hans Joachim and Eichler, Jürgen},
  address       = {Berlin, Heidelberg},
  edition       = {8., aktualisierte u. überarb. Aufl. 2015},
  isbn          = {978-3-642-41438-1},
  __markedentry = {[André:]},
  date          = {2015-10-15},
  ean           = {9783642414381},
  pages         = {Online-Ressource (XI, 491 Seiten 297 Abb, online resource)},
  type          = {Text (nur für elektronische Ressourcen)},
  url           = {http://dx.doi.org/10.1007/978-3-642-41438-1},
}

@Misc{Patalong2007,
  author       = {Frank Patalong},
  title        = {Erfindung der CD - Die digitale Revolution trug Silber},
  howpublished = {http://www.spiegel.de/einestages/erfindung-der-cd-a-946729.html},
  month        = {08},
  year         = {2007},
  note         = {abgerufen am 09.02.2017},
}

@MastersThesis{Lang1997,
  author        = {Lang, Jürgen K.},
  title         = {Das Compact Disc Digital Audio System - ein Beispiel für die Entwicklung hochtechnologischer Konsumelektronik},
  year          = {1997},
  __markedentry = {[André:6]},
  isbn          = {978-3-000-01052-1},
  publisher     = {J.K. Lang},
}

@Comment{jabref-meta: databaseType:bibtex;}
